@electronic{wikipedia10kraftwerksmanagement,
  title         = "{Wikipedia: Kraftwerksmanagement}",
  note           = {\url{http://de.wikipedia.org/wiki/Kraftwerksmanagement}},
  year          = "2010",
    key = "Wikipedia: Kraftwerksmanagement"
}
@electronic{wikipedia10regelleistung,
  title         = "{Wikipedia: Regelleistung}",
  note           = {\url{http://de.wikipedia.org/wiki/Regelleistung}},
  year          = "2010",
    key = "Wikipedia: Regelleistung"
}


@electronic{wikipedia10spitzenlast,
  title         = "{Wikipedia: Spitzenlast}",
  note           = {\url{http://de.wikipedia.org/wiki/Spitzenlast}},
  year          = "2010",
    key = "Wikipedia: Spitzenlast"
}

@electronic{wikipedia10pumpspeicher,
  title         = "{Wikipedia: Pumpspeicherkraftwerke}",
  note           =
  {\url{http://de.wikipedia.org/wiki/Pumpspeicherkraftwerk}},
  year          = "2010",
    key = "Wikipedia: Pumpspeicher"
}

@electronic{bmwi10stromnetze,
  title         = "{BMWi: Stromnetze}",
  note           = {\url{http://www.bmwi.de/BMWi/Navigation/Energie/Energietraeger/strom,did=292512.html
}},
  year          = "2010",
    key = "BMWi"
}


@book{entsoe10ucte,
  author = {{European Network of Transmission System Operators}},
  title = {{UCTE Operations Handbook}},
  year = {2010},
  note = {\url{https://www.entsoe.eu/index.php?id=57}}

}

@book{etso07demand,
  author = {{European Transmission System Operators}},
  title = {{Demand Response as a Resource for the Adequacy and
    Operational Reliability of the Power Systems}},
  year = {2007},
  note = {Explanatory Note, \url{https://www.entsoe.eu/fileadmin/user_upload/_library/publications/etso/security_of_supply/Demand%20Side%20Response%20Explanatory%20Note.pdf}}
}

@book{dena05netzstudie1,
  author = {{Deutsche Energie-Agentur (DENA)}},
  title = {{``Energiewirtschaftliche Planung f\"ur die Netzintegration von
	Windenergie in Deutschland an Land und Offshore bis zum Jahr 2020'' }},
  year = {2005}
}

@book{bmwi06eenergy,
  author = {{Studie im Auftrag des BMWi}},
  title = {{``Potenziale der Informations- und Kommunikations-Technologien zur Optimierung der Energieversorgung und des Energieverbrauchs (eEnergy)'' }},
  year = {2006}
}
@book{iwes09simulation,
  author = {{Fraunhofer Institut f\"ur Windenergie und Energiesystemtechnik (IWES) Kassel}},
  title = {{Abschlussbericht der Studie ``Dynamische Simulation der
	Stromversorgung in Deutschland nach dem Ausbauszenario der
	  Erneuerbaren-Energien-Branche''}},
  year = {2009},
  note = {Im Auftrag des Bundesverbandes Erneuerbare Energien}

}

@book{fnn10lastenheft,
  author = {{Forum Netztechnik/Netzbetrieb im VDE}},
  title = {{Lastenheft EDL --- Elektronische Haushaltszähler}},
  year = {13.01.2010},
  key = {FNN}
}

@INPROCEEDINGS{yazar09efficient,
  TITLE = {{Efficient Application Integration in IP-based
                  Sensor Networks}},
  AUTHOR = {Dogan Yazar and Adam Dunkels},
  BOOKTITLE = {Proceedings of ACM BuildSys 2009, the First ACM
                  Workshop On Embedded Sensing Systems For
                  Energy-Efficiency In Buildings},
  MONTH = NOV,
  YEAR = 2009,
  ADDRESS = {Berkeley, CA, USA},
  URL = {http://www.sics.se/~adam/yazar09efficient.pdf}
}

@book{bundesnetzagentur10handlungsoptionen,
  author = {{Bundesnetzagentur}},
  title = {{Wettbewerbliche Entwicklungen und Handlungsoptionen im
    Bereich Z\"ahl- und Messwesen und bei variablen Tarifen}},
  year = {10.03.2010},
  note = {\url{http://www.bundesnetzagentur.de/cae/servlet/contentblob/151968/publicationFile/6321/BerichtZaehlMesswesenpdf.pdf}},
  key = {Bundesnetzagentur}
}

@article{cavoukian2010smartprivacy,
    author = {Cavoukian, Ann and Polonetsky, Jules and Wolf, Christopher},
    doi = {10.1007/s12394-010-0046-y},
    issn = {1876-0678},
    journal = {Identity in the Information Society},
    keywords = {practice, privacy},
    month = {August},
    number = {2},
    pages = {275--294},
    title = {{SmartPrivacy for the Smart Grid: Embedding Privacy into
      the Design of Electricity Conservation}},
    url = {http://dx.doi.org/10.1007/s12394-010-0046-y},
    volume = {3},
    year = {2010}
}

@article{darby2006feedback,
    author = {Darby, Sarah},
    journal = {A Review for DEFRA of the Literature on Metering, Billing and direct Displays, April},
    keywords = {consumption, energy, env, feedback, office, residence, survey},
    title = {The effectiveness of Feedback on energy Consumption},
    year = {2006}
}


@book{bundesnetzagentur10position,
  author = {{Bundesnetzagentur}},
  title = {{``Positionspapier zu den Anforderungen an Messeinrichtungen nach § 21b Abs. 3a und 3b EnWG``}},
  year = {23.06.2010},
  note = {\url{http://www.bundesnetzagentur.de/cae/servlet/contentblob/156202/publicationFile/7513/Positionspapier_Anforderungen_Messeinrichtungen.pdf}},
  key = {Bundesnetzagentur}
}

@book{sachverst10erneuerbar,
  author = {{Sachverst\"andigenrat f\"ur Umweltfragen}},
  title = {{100\% erneuerbare Stromversorgung bis 2050:
    klimavertr\"aglich, sicher, bezahlbar}},
  year = {2010},
  note = {Stellungnahme Nr. 15, ISSN 1612-2968},
  key = {Monopolkommission}
}


@book{monopolkommission09stromgas,
  author = {{Sondergutachten der Monopolkommission}},
  title = {{``Strom und Gas 2009 – Energiem\"arkte im Spannungsfeld von Politik und Wettbewerb``}},
  year = {2009},
  note = {Drucksache des Bundestages 16/14060},
  key = {Monopolkommission}
}

@book{bundesreg2010kleineanfrage,
  author = {{Antwort der Bundesregierung auf die Kleine Anfrage der Abgeordneten Rolf Hempelmann, Hubertus Heil (Peine), Ingrid Arndt-Brauer, weiterer Abgeordneter und der Fraktion der SPD}},
  title = {{``Beschleunigung des Ausbaus der Höchstspannungsnetze``}},
  year = {2010},
  note = {Drucksache des Bundestages 17/2047},
  key = {Bundesregierung}
}

@book{wiechmann08lastmanagement,
  author = {{Holger Wiechmann}},
  title = {{Neue Betriebsf\"uhrungsstrategien f\"ur unterbrechbare
    Verbrauchseinrichtungen}},
  year = {2008},
  publisher = {Universit\"atsverlag Karlsruhe},
}

@article{nrc09compulsory,
 author = {Wilmer Heck},
 title = {{Smart energy meter will not be compulsory}},
 journal = {nrc handelsblad},
 number = {8. April 2009}
}

@article{kurz10smartmeter,
 author = {Constanze Kurz},
 title = {{Sorgsam mit smarten Zählern}},
 journal = {Frankfurter Allgemeine Zeitung},
 number = {1. April 2010}
}

@article{karg10rahmenbedingungen,
 author = {Moritz Karg},
 title = {{Datenschutzrechtliche Rahmenbedingungen beim Einsatz
   intelligenter Z\"ahler}},
 journal = {Datenschutz und Datensicherheit},
 volume = {34},
 number = {6},
 year = {2010},
 pages = {365--372},
 publisher = {Gabler},
 address = {Wiesbaden, Germany}
}
@article{mueller10verhalten,
 author = {Klaus J. M\"uller},
 title = {{Gewinnung von Verhaltensprofilen am intelligenten Stromzähler}},
 journal = {Datenschutz und Datensicherheit},
 volume = {34},
 number = {6},
 year = {2010},
 pages = {359--364},
 publisher = {Gabler},
 address = {Wiesbaden, Germany}
}

@article{ossenbrinck10herstellung,
 author = {Ralf Ossenbrink and Jörn Iken },
 title = {{Aus eigener Herstellung}},
 journal = {Sonne, Wind \& Wärme},
 volume = {34},
 number = {11},
 year = {2010},
 pages = {138--143},
 publisher = {BVA},
 address = {Bielefeld, Germany}
 }


@article{braun09lithium,
 author = {M. Braun and K. Büdenbender and D. Magnor and A. Jossen},
 title = {{Photovoltaic Self-Consumption in Germany - Using Lithium-Ion Storage to Increase Self-Consumed Photovoltaic Energy}},
 journal = {24th European Photovoltaic Solar Energy Conference and Exhibition},
 year = {2009},
 publisher = {WIP},
 address = {Hamburg}
 }

@electronic{web:volkszaehler,
  title         = "{Volksz\"ahler}",
  note           = "\url{http://volkszaehler.org}",
  year          = "2010",
  key = "volkszaehler"
}


@electronic{web:ethersex,
  title         = "{Ethersex Project}",
  note           = "\url{http://ethersex.de}",
  year          = "2010",
  key = "ethersex"
}


@electronic{web:flukso,
  title         = "{Flukso - Community Metering}",
  note           = "\url{http://flukso.net}",
  year          = "2010",
  key = "flukso"
}

@electronic{web:bmwi-energiedaten,
  title         = "{BMWi Energiedaten}",
  note           =
    "\url{http://www.bmwi.de/BMWi/Navigation/Energie/Statistik-und-Prognosen/energiedaten.html}",
  year          = "2010",
  key = "BMWi Energiedaten"
}


@book{carr08switch,
  author = {Carr, Nicolas},
  title = {{The Big Switch: Der große Wandel. Die Vernetzung der Welt
    von Edison bis Google}},
  year = {2008},
  publisher = {mitp}

}

@electronic{miele10ifapresse,
  title         = "{``Smart Grid'': Miele und RWE testen Tarif-Idee}",
  note           =
    "Pressemitteilung der Miele \& Cie. KG Nr. 110/2010",
  year          = "2010",
  key = "Miele"
}

@electronic{web:e-energy,
  title         = "{E-Energy - Smart Grids made in Germany}",
  note           =
    "Webseite des BMWi zu den E-Energy-Projekten,
  \url{http://www.e-energy.de}",
  year          = "2010",
  key = "E-Energy"
}

@electronic{web:bmwinutzerschutz,
  title         = "{``Nutzerschutz im Energieinformationsnetz''}",
  note           =
    "Webseite zur Konferenz,
  \url{http://www.e-energy.de/de/986.php}",
  year          = "2010",
  key = "E-Energy Nutzerschutz"
}



web:e-energy
@article{torriti10demand,
  author = {Torriti, Jacopo and Hassan, Mohamed G. and Leach, Matthew},
  doi = {10.1016/j.energy.2009.05.021},
  issn = {03605442},
  journal = {Energy},
  month = {April},
  number = {4},
  pages = {1575--1583},
  title = {{Demand response experience in Europe: Policies, programmes
    and implementation}},
  volume = {35},
  year = {2010}
}

@article{geller2010smartgrid,
  author = {Geller, Tom},
  title = {{Beyond the Smart Grid}},
  journal = {Commun. ACM},
  volume = {53},
  number = {6},
  year = {2010},
  issn = {0001-0782},
  pages = {16--17},
  doi = {http://doi.acm.org/10.1145/1743546.1743554},
  publisher = {ACM},
  address = {New York, NY, USA},
}

@article{shapiro2010privacy,
  author = {Shapiro, Stuart S.},
  title = {{Privacy by Design: Moving from Art to Practice}},
  journal = {Commun. ACM},
  volume = {53},
  number = {6},
  year = {2010},
  issn = {0001-0782},
  pages = {27--29},
  doi = {http://doi.acm.org/10.1145/1743546.1743559},
  publisher = {ACM},
  address = {New York, NY, USA},
}


@article{narayanan2010pii,
  author = {Narayanan, Arvind and Shmatikov, Vitaly},
  title = {{Myths and Fallacies of Personally Identifiable Information}},
  journal = {Commun. ACM},
  volume = {53},
  number = {6},
  year = {2010},
  issn = {0001-0782},
  pages = {24--26},
  doi = {http://doi.acm.org/10.1145/1743546.1743558},
  publisher = {ACM},
  address = {New York, NY, USA},
}


@ARTICLE{knowles00paes,
  author = {Joshua D. Knowles and David W. Corne},
  title = {{Approximating the nondominated front using the Pareto
    Archived Evolution Strategy}},
  journal = {Evolutionary Computation},
  year = {2000},
  volume = {8},
  number = {2},
  pages = {149--172}
}

